3200 4682
415 337 461 416 ln
484 351 582 413 motu
595 332 694 440 50¹⁷·
710 334 953 426 &datatim
1138 374 1190 448 91

170 442 281 552 genti
297 466 441 547 corpus
463 462 557 521 cum
578 454 718 522 centro
741 441 914 541 virium,
937 445 1019 528 'erit
1040 451 1192 553 pariter

169 556 209 637 &
236 571 396 654 tangens
421 548 676 654 posterior1s3
705 569 751 626 ac
774 551 939 651 proinde
963 551 1003 633 in
1020 557 1095 643 hac
1112 550 1193 662 ipsu

169 659 377 766 posteriori
393 655 588 738 accessum
608 654 649 735 in
664 651 878 753 recessum,
908 660 974 742 vel
991 658 1193 749 viceverst

168 765 360 850 recessum
396 760 660 844 inaccessum
692 778 848 845 mutare
889 789 971 849 non
1006 769 1194 871 poterit,

167 873 271 968 live,
298 873 407 977 quod
422 873 529 952 idem
545 872 621 965 est,
649 868 690 953 in
715 868 840 973 aliqua
861 875 943 974 ejus
960 874 1086 980 apnde
1110 899 1194 959 non

166 983 275 1073 etit;
304 981 374 1062 nili
397 976 596 1083 inpriore
626 974 693 1057 illt
718 979 866 1081 pariter
893 998 1051 1076 mutet,
1079 982 1117 1067 dt
1142 982 1194 1065 td
1318 996 1322 1001 ’

167 1089 337 1193 apsidem
359 1087 473 1193 ipfius
489 1084 709 1188 appulerit.
739 1084 847 1167 Nam
870 1085 969 1169 illud
992 1085 1108 1170 facile
1124 1088 1194 1172 de·

110 1262 113 1268 .
165 1200 429 1289 monstratur,
458 1193 523 1272 ubi
540 1185 731 1290 ejusmodi
746 1195 916 1276 mutatio
931 1194 1004 1293 fit,
1029 1196 1085 1287 ibi
1108 1211 1195 1277 tan*

167 1320 330 1405 gentem
371 1297 739 1407 perpendicularem
779 1301 853 1382 else
892 1302 1034 1385 debere
1074 1299 1191 1385 reditu

163 1407 343 1510 jungenti
366 1405 555 1512 pannum
577 1406 724 1486 mobile
750 1426 845 1487 curn
865 1405 1038 1511 punito,
1065 1430 1192 1514 aquo
1324 1430 1328 1449 ²

166 1514 405 1604 receditur,
433 1512 497 1593 vel
526 1509 574 1589 ad
601 1512 708 1612 quod
736 1512 936 1596 receditur
953 1526 980 1593 .“
1009 1513 1216 1620 Qtamo‘

167 1620 279 1703 brem
305 1612 484 1722 appulsus
517 1614 566 1694 ad
590 1615 735 1718 apsides
762 1639 892 1700 curvae
917 1616 1117 1725 descripte
1144 1623 1212 1701 ab,

8 1724 13 1829 l
166 1717 325 1831 appulsu
350 1725 400 1803 ud
424 1723 570 1826 apsides
597 1716 816 1835 Ellipseor,
843 1749 961 1828 quam
983 1749 1061 1829 ego
1090 1749 1188 1808 con-

164 1833 315 1923 sidero,
343 1831 511 1910 omnino
534 1827 707 1931 pendet,
735 1826 861 1912 &ille
886 1857 962 1937 ope
986 1831 1103 1933 huius
1125 1832 1195 1916 de«

165 1940 434 2025 terminatur.

223 2053 316 2126 166.
371 2044 459 2127 Nec
485 2062 583 2125 vero
623 2065 694 2147 pet
724 2037 1015 2132 observationes
1045 2048 1194 2134 imme·

164 2148 271 2236 diatd
295 2151 553 2234 determinari
583 2150 740 2254 possunt·
753 2151 899 2257 apsides
925 2180 1055 2240 curve
1081 2159 1217 2260 geni·x

163 2277 241 2354 tae,
259 2286 347 2364 quae
373 2285 449 2365 ope
476 2256 592 2347 nujus
621 2252 809 2362 Ellipseot
836 2282 1028 2368 perpetuo
1049 2263 1192 2343 ¹mobi-

162 2367 239 2455 lis‚
268 2391 388 2469 quam
413 2388 490 2466 ego
519 2361 751 2460 confidere,
777 2367 894 2450 facile
933 2394 983 2453 ex
1010 2360 1193 2454 observa-

164 2473 335 2555 tionibus
350 2485 542 2553 eruuntur
560 2521 573 2561 ,
602 2467 826 2550 dummodo
842 2470 1085 2557 innotescant
1101 2500 1193 2557 mu-

162 2580 333 2662 tationes
355 2571 541 2676 ejusdem
556 2566 745 2680 Ellipseos
760 2576 854 2657 dato
886 2580 1061 2685 cuipiam
1089 2599 1193 2665 tem·

163 2687 254 2793 pori
270 2687 383 2777 finito
405 2682 572 2765 debitae.
600 2684 646 2764 ld
664 2684 772 2765 enim
788 2687 954 2789 prusiani
980 2691 1105 2794 potest
1125 2687 1191 2767 ad-
1235 2782 1239 2789 q

161 2795 333 2877 bibendo
362 2813 621 2896 quancunque
646 2813 696 2871 ex
711 2790 759 2872 iir
774 2793 998 2889 methodis,
1026 2819 1110 2902 quae
1125 2794 1192 2876 ad·

162 2903 347 2982 hibentur
372 2900 413 2979 in
440 2897 647 3003 hypothesi
670 2893 933 3003 Kepleriana,
960 2902 1189 2986 dummodo

126 2996 133 3035 ⁴
162 3023 317 3090 retenta
348 3029 425 3084 una
459 3029 507 3085 ex
544 2999 902 3102 observationibus,
930 3007 1190 3098 adhibeantur
1288 3022 1306 3075 's

139 3113 324 3216 reliquis
366 3109 653 3210 correbtiones,
682 3138 767 3218 qun
795 3108 1033 3220 respondent
1065 3117 1190 3197 inter·

161 3223 268 3307 vallo
298 3216 491 3333 temporis
514 3220 619 3302 inter
642 3221 753 3302 illam
778 3218 1121 3317 observationem,
1148 3221 1188 3309 dt

160 3325 273 3412 hasce
289 3327 491 3430 reliquas.
520 3324 579 3406 Eo
604 3328 714 3413 enim
738 3324 852 3433 padio
872 3331 1119 3419 habebuntur
1140 3352 1189 3413 ea
1220 3356 1222 3361 '

159 3437 279 3527 loca,
305 3460 388 3541 quae
413 3430 547 3512 haberi
577 3434 812 3534 debuissent,
839 3438 994 3521 finulla
1018 3440 1079 3525 tis
1116 3459 1189 3518 ex*

159 3558 295 3625 tranen
375 3542 578 3624 rturbasset
607 3562 766 3626 motum
800 3564 883 3628 tum
924 3566 1037 3640 ante,
1064 3564 1188 3651 quam

188 3653 294 3730 osto
335 3650 611 3745 ervationem,
636 3658 723 3758 'quae
751 3655 977 3747 retinetur,
1003 3654 1186 3756 adeoque

156 3672 362 3837 iubebitur
397 3754 561 3852 forma,
589 3761 626 3844 dt
653 3758 792 3865 politio
825 3757 1014 3868 Ellipseor
1044 3761 1185 3845 debitae

155 3862 261 3959 illius
285 3864 402 3973 ipfius
419 3859 699 3971 observationis
715 3888 926 3973 momento
936 3925 951 3975 ,
977 3865 1120 3958 seclusa
1139 3865 1192 3961 ri,

552 4012 554 4029 .
1092 3995 1184 4080 Peg.
1218 4024 1222 4031 ,
