3200 4682
407 350 498 440 ‘124
727 343 796 420 «De
806 337 1128 439 inaequalitatibus

416 441 703 537 uersaintento
728 442 872 547 pontio
888 442 1205 548 Krelpondente
1235 447 1334 529 datae
1346 448 1445 545 PK,

413 547 682 658 produbbaque
713 545 792 652 ipsa
816 548 922 640 PK,
948 552 975 629 ss
1012 576 1111 656 opus
1139 553 1213 647 lit,
1243 551 1360 659 usque
1396 559 1445 643 ad

414 657 593 765 priorem
622 679 790 738 curvam
816 656 857 736 in
884 655 949 763 Q,
978 657 1081 739 reita
1105 659 1244 742 deinde
1262 662 1329 769 QS
1353 687 1447 767 pro·

414 764 531 846 dubia
560 762 844 844 determinaret
870 761 1060 867 punitum
1090 765 1289 869 quasrtutn
1314 772 1359 848 1.
1431 838 1436 851 .

470 900 564 978 233·
619 872 777 951 Harum
791 869 913 949 etiarn
930 893 1148 951 curvarum
1160 874 1324 977 aequatio
1336 873 1442 959 baud
1487 931 1491 937 ·

404 976 629 1081 „difficulter
659 962 920 1056 delerminari
935 980 1082 1079 potest,
1110 1003 1192 1081 quae
1224 982 1352 1061 multo
1374 985 1444 1063 ad·
1570 984 1572 986 ’

413 1088 493 1166 huc
521 1086 612 1166 elset
644 1079 880 1163 sublimior.
909 1083 1188 1186 sedquoniam
1215 1111 1295 1169 non
1316 1111 1339 1166 a
1358 1083 1441 1169 sola

412 1189 726 1279 direbtioum&
766 1188 1038 1288 magnitudine
1081 1216 1139 1271 vis
1176 1192 1440 1295 perturbantis

414 1298 691 1400 inaequalitates
709 1294 904 1396 pendent,
933 1294 1065 1374 multo
1087 1297 1256 1380 minoris
1281 1298 1368 1383 usus
1387 1306 1442 1384 est

413 1398 640 1501 hujusmodi
669 1422 884 1481 curvarum
905 1400 1178 1504 investigatio,
1207 1408 1332 1500 drea,
1359 1433 1444 1511 quae

418 1508 608 1600 vidimus,
634 1505 786 1585 abunde
806 1500 919 1587 sunt.
937 1507 996 1587 Ex
1010 1509 1057 1588 iis
1072 1528 1206 1592 autem
1223 1513 1335 1595 binos
1359 1512 1444 1596 fru-

413 1613 498 1698 eius
519 1617 615 1695 licet
635 1612 851 1716 colligere.
880 1612 1020 1693 Primo
1037 1616 1197 1718 quidem
1225 1621 1441 1702 clariorem

412 1726 608 1828 quandam
638 1718 751 1822 ipsrus
782 1718 840 1800 vis
865 1722 1126 1820 perturbantis
1165 1725 1442 1826 acquifivimus

412 1829 567 1921 ideam,
596 1850 642 1905 ac
657 1828 737 1922 ejus
765 1849 841 1926 ope
857 1828 1122 1927 mutationes,
1149 1847 1233 1933 quae
1251 1833 1442 1935 accidunt

411 1937 453 2018 in
479 1960 559 2016 uno
585 1944 608 2014 e'
632 1930 837 2035 praecipuis
871 1928 1179 2035 inaequalitatum
1209 1937 1442 2033 elementis,

409 2043 577 2151 propius
606 2032 857 2139 inspeximus
889 2087 907 2122 .,
931 2039 1085 2121 Deinde
1121 2038 1443 2136 facunditatem,

411 2147 608 2253 quandam
632 2143 875 2243 Geometriae
901 2146 1159 2250 contemplati
1187 2148 1320 2232 lumus
1348 2147 1440 2233 sane

415 2253 720 2342 admirabilem,
748 2272 832 2353 quae
860 2247 1070 2333 laetiffimos
1104 2253 1245 2359 ubique'
1275 2272 1443 2362 campos

413 2363 591 2444 obtrudit
613 2356 677 2440 vel
691 2359 849 2451 invitis,
879 2379 949 2460 per
964 2383 1063 2461 quos
1079 2385 1292 2444 excurrere
1318 2367 1438 2447 liceat

391 2468 457 2549 ‘in
480 2458 743 2571 immensum,
771 2486 816 2543 ac
841 2457 936 2568 saepe
969 2488 1019 2546 ne
1051 2469 1314 2571 cogitantibus
1354 2471 1441 2574 qui·

397 2573 509 2658 'dern
530 2569 711 2656 omissam
738 2564 943 2651 solutionis
960 2587 1116 2674 partem
1141 2574 1199 2654 ob»
1214 2577 1352 2657 oculos
1368 2601 1441 2679 pos
1492 2637 1498 2647 .

413 2686 497 2771 nit,
525 2683 564 2764 &-
586 2683 850 2761 Geometram
873 2678 979 2780 ‚plus
1021 2702 1131 2779 aequo
1170 2677 1443 2774 festinantem,

412 2789 586 2892 quodam
625 2781 747 2866 veluti
777 2783 955 2861 clamore
992 2784 1442 2883 quodammodorevo-

411 2910 501 2983 eat,
530 2914 575 2971 ac
598 2912 698 2969 voce
718 2883 807 2965 satis
823 2885 1025 2995 perlpieua
1047 2888 1128 2987 ejus
1151 2884 1342 2975 sermonis
1359 2918 1441 2978 non

411 3000 563 3104 ignaro
578 2991 635 3106 sui
661 2993 838 3076 muneris
863 2991 1079 3089 admonet,
1106 2997 1157 3092 u,
1180 3016 1265 3100 quae
1297 2994 1443 3105 omise*

415 3125 491 3201 rat,
516 3101 659 3189 diserte
686 3105 830 3185 docet.
1057 3163 1068 3202 „
1162 3201 1167 3207 ἣ
1432 3106 1435 3111 “
1485 3164 1492 3171 .

467 3240 560 3321 234.
616 3213 800 3293 &lotium
815 3231 866 3305 4.·
884 3205 1010 3290 Posset
1037 3209 1158 3292 etiam
1185 3228 1267 3294 tam
1283 3212 1440 3315 magni·

410 3324 536 3415 tudo,
564 3342 681 3424 quam
698 3313 864 3399 direetio
888 3309 1112 3414 hujusmodi
1131 3319 1189 3421 xis
1210 3319 1443 3421 perturban-

395 3430 460 3517 .tis
487 3426 707 3533 atgebraice
730 3423 902 3525 exprimi
918 3417 1053 3506 l'alteni
1072 3421 1143 3528 per
1167 3422 1282 3504 series
1300 3418 1443 3505 *infini-

411 3559 499 3634 tas,
527 3552 571 3616 ut
596 3532 735 3616 deinde
765 3531 809 3609 in
831 3523 1015 3613 formulis
1038 3530 1195 3621 numeri
1220 3525 1439 3634 1¹57substi·

410 3738 593 3805 tueretur
619 3719 733 3803 ualor
757 3666 817 3809 ἕ,
845 3714 1054 3811 &fin.A‚
1080 3737 1126 3795 ac
1142 3712 1303 3810 col.A,
1332 3713 1454 3798 acad.
1490 3740 1493 3746 ·

402 3858 688 3989 inlcgtdtlo'iless
711 3805 890 3989 ipfarum‘
917 3870 1187 3983 formularum
1208 3877 1439 4068 fieretdgl'i·

1210 4035 1211 4039 ’
1359 4010 1403 4071 US
1419 4032 1435 4070 ο
