3200 4682
361 310 365 321 Ι
413 365 470 450 9o
715 343 783 423 ’De
796 338 1122 441 inaequalitatibus
1182 364 1187 371 “

416 459 628 553 gruentem
654 443 721 524 fibi
747 446 968 529 velocitatis
992 443 1263 528 differentiam
1294 449 1342 527 ab
1370 454 1444 545 ea»,

419 578 504 657 quae
544 575 618 656 pro
655 552 800 632 eodem
837 553 933 631 orbe
958 551 1157 633 immobili
1188 547 1441 639 describendo

285 706 289 713 x
355 706 360 711 -
412 659 661 765 requiritur,
689 682 770 740 non
801 684 896 743 eum
927 658 1100 762 apfidum
1126 678 1286 743 motum
1312 664 1443 765 parit,

390 789 535 871 ,quem
558 783 742 870 pareret.
773 766 917 869 Atque
930 767 975 847 id
992 759 1119 871 ipsum
1144 761 1232 849 sane
1257 769 1444 851 Nevvto-
1516 762 1521 780 “

381 878 514 955 'num
551 896 708 976 quoque
746 873 786 952 in
815 874 1083 976 investigando
1118 873 1292 977 apsidum
1330 875 1442 957 luna·

413 982 524 1062 rium
562 1000 679 1062 motu
720 980 956 1083 pertntbtsse
993 978 1285 1074 crediderim,
1322 1005 1442 1085 quem

414 1112 542 1170 unum
568 1087 763 1168 nimirum
789 1109 1032 1191 nequaqnam
1054 1086 1367 1182 determinavit,
1393 1089 1442 1169 li-

413 1212 478 1277 cet
511 1194 659 1278 virium
691 1195 1008 1295 perturbantium
1049 1192 1445 1290 &direiiionemit
1502 1249 1505 1257 ,

413 1300 708 1406 magnitudines
731 1300 855 1402 probe
878 1299 1030 1382 nollet.

473 1418 521 1490 16
527 1430 564 1507 ς.
621 1404 776 1486 Verum
790 1431 867 1509 ego
891 1406 932 1488 in
946 1404 1081 1487 alienis
1102 1409 1168 1487 bic
1185 1409 1232 1490 ad
1249 1409 1443 1494 trutinam

410 1512 651 1602 revocandis
676 1530 834 1616 tempus
865 1536 947 1592 non
969 1531 1098 1594 tetam
1126 1566 1139 1593 .
1179 1516 1286 1600 lllud
1312 1543 1436 1601 unum

411 1623 515 1705 mibi
545 1619 697 1699 abunde
722 1619 809 1712 est,
847 1643 915 1702 me
940 1619 1048 1702 firtes
1077 1614 1268 1720 ejusmodi
1300 1626 1440 1706 cavilie

414 1753 585 1820 omnes,
612 1726 680 1830 qui
710 1725 830 1828 longe
865 1726 941 1806 alia
971 1720 1057 1807 usus
1097 1730 1290 1812 methodo
1322 1731 1439 1810 illum

407 1831 563 1938 semper
590 1832 729 1913 orbem
754 1830 988 1925 considero,
1025 1857 1144 1936 quem
1174 1858 1322 1940 corpus
1355 1860 1442 1919 ma-

409 1941 589 2023 nentibus
613 1934 771 2038 reliquis
798 1938 981 2021 omnibus
1005 1990 1018 2031 ,
1046 1943 1082 2024 ἃ
1109 1934 1253 2030 soleri
1280 1962 1439 2045 pertur-

409 2049 524 2129 bante
552 2043 753 2125 summota
771 2037 1033 2126 describeret.
1062 2045 1140 2127 Hic
1155 2047 1261 2128 orbis
1288 2051 1335 2127 ab
1359 2076 1433 2143 eo,
1505 2045 1510 2050 ’

407 2179 527 2260 quem
552 2152 710 2251 Planeta
718 2145 933 2243 describit,
962 2150 1181 2256 plurimum
1202 2148 1365 2248 differt,
1387 2157 1438 2236 11«

406 2280 472 2344 cet
503 2261 550 2340 ab
580 2258 693 2358 hujus
723 2257 839 2361 ipsius
869 2274 1057 2362 perpetua
1087 2259 1310 2343 mutatione
1342 2287 1438 2365 qut·

378 2388 381 2393 ·
405 2370 501 2450 dam
519 2365 837 2448 determinetur.
866 2366 916 2445 Et
936 2366 1098 2468 quidem
1114 2364 1303 2471 Ellipleos
1320 2367 1435 2471 ipius

383 2477 549 2585 ¹npfides
577 2497 671 2555 cum
698 2471 886 2576 tpfidibur
912 2495 1043 2556 curve
1072 2474 1211 2574 genitae
1238 2499 1318 2558 non
1334 2472 1437 2559 sem·

382 2606 476 2692 per
505 2596 763 2687 congruunt,
801 2604 896 2661 cum
923 2579 1117 2661 nimirum
1145 2580 1249 2662 illius
1288 2585 1433 2687 apsides

405 2706 601 2795 perpetuo
631 2702 877 2777 mutentur,
918 2683 1034 2783 hujus
1070 2687 1215 2787 apsides
1251 2686 1433 2770 immotae

402 2814 588 2877 maneant
617 2848 629 2873 .
673 2793 808 2876 Curva
835 2791 972 2883 enim,
999 2813 1117 2894 quam
1150 2793 1310 2881 Planeta
1339 2822 1435 2880 vere

305 2900 310 2903 ’
402 2894 615 2994 describit,
643 2899 683 2978 in
704 2895 742 2978 se
764 2900 922 3001 prorius
944 2898 1207 2980 determinata
1227 2901 1325 2982 nihil
1341 2929 1433 2984 mu·

296 3024 304 3033 “
409 3025 546 3089 tatur.
590 3006 827 3108 congruunt
856 3023 988 3085 tamen
1024 3004 1169 3108 aptides
1201 3002 1438 3113 utriusque,

402 3115 469 3196 ubi
500 3114 649 3195 mobile
684 3111 926 3194 adulteram
956 3111 1126 3216 apsidem
1159 3114 1319 3206 devenit
1343 3118 1429 3209 ita,

401 3240 446 3304 ut
472 3220 512 3301 in
536 3222 661 3326 apfide
686 3243 816 3311 curvae
832 3219 970 3322 genitae
992 3223 1064 3300 effe
1088 3243 1170 3301 non
1195 3220 1331 3325 polbt,
1359 3223 1430 3302 nili

328 3324 331 3331 ’
398 3329 516 3435 fimul
544 3331 583 3410 in
616 3326 741 3431 apside
768 3323 979 3430 Ellipseoe‚
1007 3350 1125 3430 quam
1153 3353 1230 3429 ego
1251 3326 1427 3410 confide·-

300 3512 306 3527 .
398 3463 480 3530 ro,
509 3429 723 3520 versetur.
766 3432 872 3517 Cum
897 3429 1233 3536 enimutriusque
1260 3434 1427 3532 orbitae,

399 3543 595 3625 nimitum
622 3540 726 3622 illlus
748 3533 934 3645 Ellipseos
958 3559 1148 3644 perpetuo
1175 3559 1357 3634 mutatae,
1390 3543 1427 3628 bt

397 3651 525 3747 hujus,
542 3674 674 3733 curvae
699 3650 745 3728 ab
771 3648 839 3727 illa
868 3651 1037 3750 genite,
1065 3649 1104 3727 in
1127 3644 1278 3752 punibis
1298 3649 1427 3751 smgu-¹
1546 3708 1551 3721 ,

396 3755 446 3835 iis
475 3775 636 3859 tangens
662 3756 708 3838 stt
730 3756 900 3848 eadem,
927 3780 997 3859 per
1023 3757 1313 3858 num-97;.ubi
1341 3775 1426 3839 tan-

398 3884 500 3971 gens·
524 3864 669 3967 prioris
692 3863 814 3946 inerit
839 3860 1174 3969 perpendicularis
1203 3860 1316 3947 reliae
1336 3862 1428 3983 jun-

403 4036 414 4045 .
1112 4010 1115 4018 ·
1310 3983 1418 4072 gente
