3202 4676
443 378 477 465 ‘4'
730 360 1129 459 Detnaeqmlttatthue
1383 434 1388 447 1
1466 419 1469 423 -

444 491 500 548 uae
527 459 581 548 en
601 462 851 546 infinitefima
877 466 1023 570 pariter
1043 467 1194 548 ordinis
1219 468 1367 574 primi,
1385 463 1443 553 ad

445 571 686 655 ifferentiam
717 570 934 652 earundem
977 571 1281 668 distantiarum,
1310 577 1445 679 ntique

415 704 499 763 non
530 677 727 775 maiorem
751 675 857 760 reiia
873 679 925 780 Pp
941 675 1187 760 infinitefima
1213 681 1364 763 ordinis
1392 679 1449 765 lea

415 786 566 876 cundi,
594 805 666 890 per
686 809 800 869 num.
817 809 909 865 roo.
933 778 1069 886 Quare
1095 780 1314 867 differentia
1337 809 1449 870 area-

401 916 538 984 rum,
566 915 649 995 quae
685 891 726 974 in
763 891 839 973 illa
858 886 1126 973 substitutione
1153 895 1449 990 contemnitur,

418 1000 472 1083 est
492 995 743 1080 infinitestnra
759 997 908 1081 ordinis
932 1018 1013 1076 non
1028 989 1237 1101 superioris
1257 993 1445 1081 secundo.

480 1128 573 1201 124.
627 1107 806 1209 Superest
835 1103 984 1206 igitur,
1012 1119 1056 1185 ut
1086 1105 1127 1183 in
1148 1106 1451 1189 'determinatio-

418 1232 468 1293 ne
500 1211 739 1314 stngularum
767 1211 991 1292 areolarum
1032 1209 1169 1313 primae
1200 1207 1312 1293 seriei
1338 1235 1449 1297 notu
1497 1290 1501 1300 .

419 1319 699 1399 committatur
720 1338 864 1408 error,
889 1313 964 1417 qui
994 1305 1210 1396 secundum
1252 1317 1468 1418 inlinitefi·¹

419 1446 587 1510 morum
616 1420 1006 1504 ordinemexcedat.
1035 1421 1163 1502 Porro
1190 1422 1297 1504 iniis
1319 1425 1449 1508 deter-
1501 1428 1505 1433 ’

419 1527 645 1622 minantis,
672 1528 817 1632 quotvis
833 1524 965 1607 areola
983 1524 1207 1629 cuicunque
1227 1526 1450 1634 tempuscul-

418 1638 462 1720 lo
487 1634 693 1741 posteriori
718 1633 847 1714 debita
876 1632 1020 1736 pendet
1051 1633 1099 1710 ab
1124 1636 1308 1716 omnibus
1337 1661 1449 1721 arem

419 1742 469 1827 lis
481 1793 494 1834 ‚
521 1765 607 1845 quac
619 1740 810 1820 debentur
825 1737 1129 1843 praecedentibus
1140 1739 1324 1821 omnibus
1343 1760 1447 1827 tem·

423 1844 625 1956 pusculls·
653 1843 762 1924 Nam
787 1843 920 1924 areola
948 1844 1021 1942 pse
1048 1843 1261 1937 definitur,
1288 1845 1450 1937 definita

418 1951 666 2041 differentia,
696 1970 814 2051 quam
845 1968 892 2039 ea
919 1947 1062 2028 habere
1100 1951 1215 2033 debet
1239 1952 1287 2033 ab
1317 1956 1450 2037 areola

417 2061 510 2147 PSE
533 2055 669 2160 aquali
683 2051 825 2134 areolae
846 2051 945 2135 PSG
964 2054 1357 2162 precedentisipsam
1373 2064 1448 2165 pSe
1532 2118 1536 2125 ,

416 2166 459 2246 in
495 2163 626 2269 prIma
665 2154 763 2241 serie
790 2210 803 2236 .
832 2157 872 2237 Si
911 2147 1154 2260 sequentibus
1190 2160 1445 2267 tempusculis

413 2271 523 2354 nulla
541 2270 626 2369 jam
649 2267 707 2350 vis
726 2283 911 2346 extranea
929 2285 1088 2368 agerett
1119 2291 1259 2351 omnes
1276 2273 1442 2367 areola,

411 2402 495 2482 qnae
524 2372 763 2478 sequuntur,
791 2388 835 2450 ut
857 2392 926 2462 ea,
953 2395 1037 2472 quae
1075 2376 1158 2476 post
1182 2376 1441 2461 millesimum

413 2477 707 2589 tempusculum
734 2474 917 2568 advenit,
944 2478 1083 2559 abilla
1109 2480 1347 2583 primaGSP
1364 2480 1443 2566 dil·

409 2585 534 2672 ferret
568 2585 705 2690 aeque,
735 2604 780 2666 ac
808 2578 938 2665 differt
965 2585 1048 2666 haec
1078 2581 1245 2668 secunda
1266 2586 1364 2693 pSe3
1393 2613 1440 2672 ac

413 2693 582 2802 proinde
608 2694 667 2775 vis
692 2708 900 2778 extranea,
928 2713 1011 2789 quac
1041 2692 1175 2793 primo
1191 2690 1443 2805 tempuscula

410 2801 522 2902 egit,
544 2800 627 2898 Jam
654 2798 694 2877 in
720 2819 806 2875 eam
839 2793 1087 2875 millesimam
1117 2799 1293 2881 areolam
1326 2801 1441 2884 indu.

409 2906 467 2985 cit
501 2898 762 2984 mutationem
785 2894 926 2979 suam.
955 2899 1026 2982 Vis
1051 2918 1186 2983 autem
1225 2923 1438 3004 extranea,

410 3033 495 3114 que
517 3007 686 3092 l'ecundo
709 2999 954 3119 tempusculo
967 3026 1079 3112 aget,
1108 3011 1255 3113 pariter
1271 3014 1434 3101 inducet

410 3111 675 3198 differentiam
698 3115 865 3217 aliquam
881 3117 1020 3194 areolae
1044 3112 1218 3198 secundae
1249 3141 1272 3197 a
1295 3123 1436 3213 tertia,

408 3222 447 3306 ἃ
474 3224 566 3307 inde
583 3222 726 3305 codem
753 3240 990 3326 argumento
1010 3223 1219 3308 inducetur
1243 3225 1318 3306 alia
1338 3225 1432 3306 huic

407 3331 585 3433 aequalis‘
598 3326 774 3414 variatio
800 3329 840 3409 in
873 3327 981 3410 illam
1014 3330 1287 3420 millesimam
1316 3331 1351 3414 8(
1376 3333 1433 3420 ita

404 3461 535 3624 forro
558 3430 758 3541 sequentes
783 3456 922 3516 omnes
944 3439 1125 3517 omnium
1158 3464 1235 3542 999
1272 3453 1431 3543 tempu·
1490 3452 1497 3465 ‘

424 3546 609 3625 culorum
635 3538 804 3623 sitiones
826 3543 866 3621 in
891 3540 1137 3624 milleiimam
1154 3546 1263 3624 illam
1287 3545 1428 3646 prImae

403 3645 516 3731 seriei
546 3650 721 3732 areolam
747 3651 931 3731 inducent
978 3649 1236 3733 mutationem
1268 3673 1428 3753 quaeque

404 3748 607 3847 suam&
634 3757 831 3847 mutatio,
858 3781 940 3861 quae
967 3760 1007 3837 in
1023 3755 1168 3857 quavis
1197 3756 1328 3838 areola
1356 3758 1428 3861 fiet

404 3864 492 3973 poli
525 3878 685 3971 tempus
715 3865 874 3973 linitum
909 3861 1131 3968 quodlibet,
1158 3864 1234 3951 crit
1252 3859 1428 3948 :summa

490 4004 494 4013 ·
1282 3981 1418 4049 muta-
