3202 4676
417 342 462 416 In
472 312 937 440 mntu'ffuttffdatffe·
1131 366 1181 447 41

129 480 134 483 ·
160 444 211 526 fis
232 444 405 547 quaedam
418 495 431 535 ,
459 443 495 525 &
519 439 855 535 fundumentum,
881 445 1025 526 exalia
1046 467 1185 552 parte,
1319 478 1323 487 ⁴

162 552 204 634 81
223 552 270 631 ad
292 547 596 640 Geometriam,
626 549 662 630 81
683 548 730 626 ad
754 547 1056 651 Mechanicam,
1078 556 1115 638 81
1138 553 1188 636 ad

162 655 464 739 Astronomiam
495 653 700 753 Physicam
739 646 851 733 utilia
877 654 1001 751 sunt,
1042 660 1078 743 81
1109 653 1189 763 ipsa

162 763 331 865 quadam
364 758 557 862 elegantia
581 753 673 851 sua,
705 780 750 839 ac
776 767 973 863 venustate
998 815 1011 857 ‚
1040 787 1091 845 ue
1121 764 1190 845 illa

160 869 426 958 omitterem,
451 879 689 948 vetuerunt.
719 866 854 948 Unum
878 868 974 951 illud
1003 868 1069 947 hic
1092 893 1190 972 prau-

163 990 272 1056 terea
316 970 536 1053 notandum
577 972 711 1064 duco,
740 995 814 1074 pro
843 973 889 1055 iis
917 970 1192 1078 potiffimum,

51 1146 56 1163 .
163 1075 510 1184 quiGeometria,
535 1069 672 1158 saltem
698 1078 850 1163 altioris
869 1096 1072 1184 expertes,
1093 1079 1193 1161 illud

164 1207 410 1289 nequaquam
440 1183 705 1288 intelligunt,
748 1185 815 1288 qui
846 1185 933 1268 fieri
960 1183 1113 1290 poffrt,
1148 1203 1194 1266 ut

163 1292 273 1373 idern
299 1292 456 1372 Planeta
491 1315 540 1371 ex
565 1291 771 1395 Aphelio,
804 1291 869 1370 ubi
897 1293 1055 1375 minore
1084 1292 1126 1375 vi
1152 1292 1194 1372 iu

164 1398 300 1478 Solem
334 1414 528 1499 urgetur,
555 1397 604 1476 ad
629 1399 765 1478 Solem
795 1391 922 1499 ipsum
956 1392 1195 1492 descendat,

164 1526 216 1583 ex
243 1502 439 1581 Perihelio
467 1523 566 1581 vero
594 1553 607 1591 ,
645 1503 711 1580 ubi
745 1521 911 1605 urgetur
944 1505 1194 1601 majorevi,

163 1625 311 1689 contra
331 1601 543 1687 ascendat.
570 1605 785 1697 Accessus,
822 1609 886 1686 vel
913 1610 1076 1690 recessus
1100 1634 1195 1692 cor·

164 1714 273 1818 poris
298 1707 474 1816 respectu
508 1710 634 1791 centri
662 1709 812 1792 virium
843 1711 1014 1815 pendet,
1045 1714 1203 1803 adite*

164 1817 294 1900 siione
323 1815 600 1923 projectionis,
626 1812 705 1898 five
726 1816 947 1898 velocitatis
975 1820 1195 1921 tangentias

165 1927 220 2004 lir
233 1919 407 2028 respestu
421 1921 533 2005 rettae
544 1920 737 2002 tendentis
765 1922 814 2003 ad
826 1942 1013 2005 centrum
1029 1924 1197 2018 virium,

164 2031 203 2112 dt
224 2031 414 2113 relatione
434 2028 656 2113 velocitatis
678 2028 793 2132 ipsius
818 2028 866 2109 ad
894 2029 1009 2123 vim,
1033 2054 1109 2132 qua
1131 2052 1198 2114 ur*

167 2152 283 2239 getur
304 2136 345 2216 in
366 2131 492 2240 ipsum
511 2153 721 2227 centrum,
750 2135 815 2219 vel*
841 2134 889 2215 ab
913 2130 997 2241 ipso
1020 2152 1197 2219 centro.
1310 2196 1314 2203 ,

224 2268 290 2344 32.
344 2243 552 2324 Nimirum
577 2241 606 2318 fi
635 2240 830 2343 angulus,
872 2266 994 2346 quem
1030 2239 1197 2330 directio

167 2342 421 2450 projectionis
448 2400 460 2441 ,
489 2347 553 2427 vel
580 2347 802 2429 velocitatis
828 2348 1076 2452 tangentialis
1101 2373 1198 2432 con·

171 2453 296 2545 tinet,
324 2475 419 2533 cum
434 2448 539 2533 resta
566 2452 752 2530 tendente
771 2453 820 2532 ad
840 2472 1026 2534 centrum
1046 2454 1199 2543 virium

87 2580 90 2581 f
170 2559 224 2639 est
251 2575 411 2652 acutus,
440 2553 596 2660 semper
625 2578 769 2660 corpus
803 2558 931 2645 statim
960 2556 1121 2661 incipiet
1147 2562 1199 2643 ad

166 2683 356 2746 centrum
380 2657 506 2767 ipsum
531 2661 680 2744 virium
705 2661 917 2757 accedere,
938 2663 1033 2743 licet
1053 2664 1197 2749 deinde

172 2770 317 2873 exiguo
352 2772 472 2852 etiam
496 2768 705 2851 intervallo
743 2766 856 2875 poffrt
881 2784 1037 2869 mutare
1071 2766 1200 2853 acces-

171 2874 256 2959 sum
287 2877 328 2956 in
356 2874 576 2966 recessum·;
605 2874 641 2952 fi'
662 2875 715 2958 est
745 2871 930 2971 obtusus,
958 2870 1114 2982 semper
1138 2879 1199 2961 in.-

171 2982 291 3086 cipiet
320 2983 540 3076 recedere,
573 2980 667 3062 licet
692 2981 840 3082 pariter
878 2979 1017 3063 deinde
1033 3058 1036 3062 .
1051 2984 1199 3087 exigua

171 3089 295 3173 etiam
318 3087 525 3170 intervallo
551 3084 742 3169 recessum
767 3103 922 3168 mutare
937 3083 1049 3190 possit
1074 3087 1199 3172 inae,

169 3197 317 3283 eeffum
345 3249 358 3274 .
397 3194 437 3275 Si
460 3197 513 3274 est
537 3190 697 3286 reditu,
740 3192 902 3297 incipiet
928 3192 1058 3273 statim
1083 3216 1198 3277 acce-

169 3306 303 3394 dere,
340 3298 492 3383 feretur
515 3291 669 3401 semper
703 3298 744 3399 in
777 3299 916 3381 eadem
942 3298 1120 3401 distantia
1155 3299 1198 3407 in

171 3408 350 3503 circulo,
377 3410 442 3490 vel
463 3403 623 3511 incipiet
645 3405 860 3497 recederet
890 3422 1009 3510 prout
1028 3405 1201 3487 altitudo

62 3551 65 3560 ·
173 3515 269 3606 illa,
297 3539 346 3596 ex
373 3538 450 3619 qua
465 3531 581 3593 motu
604 3507 857 3593 uniformiter
878 3514 1100 3609 accelerato¹
1125 3534 1206 3615 perf

168 3619 289 3710 vim,
317 3645 392 3723 qua
417 3636 582 3722 urgetur
612 3616 652 3698 in
677 3636 892 3712 centrum,
927 3619 1005 3700 erit
1036 3616 1203 3717 minor,

51 3730 53 3741 '
128 3755 131 3759 ·
172 3748 291 3827 quam
310 3726 475 3807 dimidia
497 3720 681 3825 distantia
699 3717 845 3831 abipso
869 3724 1199 3817 centroririum,

172 3830 241 3935 ips
267 3831 456 3934 aqualia,
481 3833 546 3926 tel
571 3828 700 3930 major
721 3882 744 3933 ,=
776 3822 1207 4011 κ8,1[1111.11111111111111

180 3960 183 3969 ,
1105 3960 1131 4045 p
1176 3970 1196 3999 ,
