3202 4676
428 350 473 432 lar
483 366 581 426 motu
596 338 693 453 ‘Just
708 351 756 436 ὰ
766 351 847 432 Sat.
863 358 951 445 &el
1145 382 1209 462 75,

178 446 446 534 mutationum
477 455 690 548 omnium,
717 463 877 562 quasin
907 463 1013 544 binae
1051 450 1092 545 se
1121 461 1204 553 im,

177 557 351 643 mediate*
374 560 608 666 excipientes
632 560 787 663 fingusir
808 566 1058 675 tempusculir
1081 571 1201 653 indu-

178 678 322 746 xerunt
353 669 615 775 procedentes
641 664 838 754 artiones·
1185 680 1189 687 ’

236 794 325 874 ¹25·
380 776 487 860 Hinc
503 791 636 856 autem
664 774 1052 887 illudconsequitur3
1080 775 1202 864 nimi·-

176 894 272 961 rutn
289 902 339 963 ne
362 883 403 964 in
433 881 610 983 areolam
636 885 817 984 quamvis
846 891 930 992 post
959 889 1117 971 finitum
1133 888 1203 968 ali·

179 987 286 1094 quod
312 990 565 1075 intervallum
593 991 785 1092 temporis
801 993 1079 1076 advenientem
1098 996 1203 1077 irre-

177 1118 244 1209 pet
266 1122 411 1193 error,
439 1094 504 1204 qui
524 1091 740 1178 secundum
768 1096 1112 1184 insiuitefimorum
1138 1122 1203 1182 or·

178 1208 315 1290 dinem
355 1224 435 1287 non
468 1200 658 1302 excedat,
687 1203 835 1308 requiri
874 1229 923 1288 ex
953 1230 1037 1295 una¹
1063 1222 1202 1313 parte,

176 1314 215 1400 8(
244 1307 332 1394 satir
361 1314 433 1395 effe
457 1333 507 1392 ex
547 1310 697 1401 altera,
720 1326 771 1390 ut
794 1311 837 1390 in
875 1313 1215 1407 determinandae.

176 1415 393 1503 differentia
432 1438 592 1510 earum,
619 1434 702 1521 quae
732 1416 839 1520 prius
863 1417 932 1499 sibi
968 1415 1202 1504 immediate

175 1522 456 1620 succedebant,
484 1517 640 1602 indocta
664 1520 712 1599 ab
736 1519 886 1603 actione
918 1525 982 1607 vir
1004 1544 1200 1609 extraneae

174 1624 442 1737 respondentis
464 1626 622 1732 siugulis
643 1627 951 1731 procedentibus
978 1627 1201 1737 tempuscu-

174 1740 247 1829 lis,
276 1761 357 1819 non
378 1737 610 1820 admittatur
624 1756 764 1826 error,
791 1733 860 1837 qui
878 1734 1043 1816 tertium
1070 1736 1203 1818 infini*

173 1843 406 1926 tetimorum
423 1840 586 1925 excedat
604 1838 788 1923 ordinem
805 1891 819 1916 ·
846 1839 955 1921 Nam
978 1841 1009 1920 st
1029 1836 1201 1939 ejusmo-

175 1951 343 2055 dierror
359 1948 638 2031 committatur
649 1947 819 2037 tsadhuc
842 1967 1028 2030 errorum
1045 1941 1204 2031 summo

174 2057 289 2145 finito
307 2054 492 2162 ‚tempori
521 2050 649 2136 debita
672 2074 752 2137 non
779 2055 989 2138 excederet
1015 2054 1203 2139 ordinem

171 2161 518 2252 infiniresrmorum
547 2155 785 2245 secundum:
813 2159 936 2265 poffet
970 2176 1105 2242 autem
1134 2183 1205 2243 ex-

175 2269 343 2377 cedere,
371 2270 399 2348 st
418 2262 577 2372 finguiit
598 2260 789 2363 eiusmodi
811 2257 1065 2371 tempusculis
1089 2286 1202 2346 com·

174 2375 403 2461 mitteretur
432 2390 548 2455 error
572 2371 737 2452 tertium
772 2373 964 2455 excedens
991 2370 1204 2467 ordinem,

175 2503 350 2585 quorum
381 2477 575 2560 nimirum
604 2471 760 2555 summa
792 2475 913 2582 posset
941 2477 990 2557 ad
1015 2477 1205 2560 ordinem

32 2652 34 2656 ,
176 2584 384 2668 ascendere
416 2578 661 2688 superiorem
688 2604 769 2664 uno
796 2581 950 2687 gradu3
978 2582 1203 2667 &omnino

176 2689 400 2774 ascenderet
430 2690 497 2771 nifi
521 2686 628 2771 sorte
653 2677 814 2772 fortuna
835 2676 912 2770 sese
947 2710 1105 2771 errores
1132 2686 1202 2792 ipsi

174 2797 259 2882 sere
280 2794 437 2906 prorsus
464 2797 737 2901 corrigerent,
763 2796 870 2902 quod
895 2795 1055 2901 quidem
1081 2818 1201 2902 genes

175 2908 313 2988 taliter
335 2927 580 3009 nequaquam
604 2900 773 2986 accidit,

234 3020 325 3093 126·
372 3011 463 3108 Jam
491 3033 589 3095 vero
618 3002 839 3093 differentia
866 3002 1034 3108 cujusvis
1058 3009 1201 3093 areola

175 3117 430 3227 praecedentis
451 3142 475 3197 a
499 3114 671 3223 sequenti
683 3116 838 3199 industa
860 3140 883 3197 a
904 3120 969 3211 vi,
997 3135 1080 3221 qur
1102 3137 1202 3225 prae·
1230 3204 1236 3211 ,

177 3224 333 3309 cedenti
357 3219 605 3330 tempusculo
626 3225 734 3327 egit,
760 3225 924 3311 habetur
945 3249 995 3306 ex
1010 3219 1201 3303 mutatio-

44 3336 46 3341 ’
176 3334 316 3427 nibus,
344 3355 439 3438 quas
468 3329 509 3412 in
541 3331 766 3414 areolarum
796 3328 1101 3437 descriptionem
1139 3327 1201 3409 in·
1312 3394 1317 3403 .

177 3438 327 3521 ducunt
338 3439 412 3520 illae
426 3434 491 3521 sex
505 3436 795 3521 elementorum
812 3441 1075 3530 mutationes,
1101 3452 1200 3537 ‘1¹²²’

175 3541 334 3650 exposui
358 3567 578 3629 numam.
606 3541 742 3650 Siqua
765 3546 887 3649 igitur
912 3568 961 3630 ex
992 3548 1040 3631 iis
1065 3552 1200 3623 muta«

176 3649 349 3731 tionibus
372 3645 635 3755 differentiam
651 3650 800 3733 inducit
825 3648 1114 3735 infinitefimam
1130 3676 1198 3736 or·

174 3755 278 3838 dinis
307 3773 393 3838 non·
412 3754 620 3864 superioris
636 3760 782 3852 tertio;
808 3776 855 3844 ea
881 3752 1193 3866 neglecta-eno-
1335 3832 1356 3844 „

130 3893 133 3898 ·
172 3876 261 3946 rem
275 3856 416 3949 seciturv
430 3864 710 3953 trahetordiue
730 3854 900 3975 secundo
919 3858 1196 3978 nonsuperio,

219 4008 223 4011 ·
261 3994 266 4009 ¹
1095 3993 1188 4054 rem
